@book{Hughes, 
    title = "Measurements and their Uncertainties - A Practical Guide to Modern Error Analysis",
    author = "Ifan G. Hughes and Thomas P.A. Hase", 
    publisher = "Oxford University Press", 
    year = "2010"
}

@book{Schaums, 
    title = "Schaum's Outline - Mathematical Handbook of Formulas and Tables, 4th edition",
    author = "Murray R. Spiegel and Seymour Lipschutz and John Liu", 
    publisher = "McGraw-Hill",
    year = "2013"
}

@book{Pedrotti,
    title = "Introduction to Optics, 3rd edition",
    author = "Frank L. Pedrotti and Leno M. Pedrotti and Leno S. Pedrotti", 
    publisher = "Cambridge University Press", 
    year = "2018"
}

@book{Eichhorn,
    title = "Laser Physics - From Principles to Practical Work in the Lab",
    author = "Marc Eichhorn", 
    publisher = "Springer International Publishing Switzerland", 
    year = "2014"
}

@article{Fan-Joannopoulos-fano-resonance,
    author = "Fan, Shanhui and suh, Wonjoo and Joannopoulos, J. D.",
    title = "Temporal coupled-mode theory for the Fano resonance in optical resonators",
    journal = "Optical Society of America",
    volume = "20",
    number = "3",
    year = "2003"
}

@article{Fan-Joannopoulos-guided-mode-resonance,
    author = "Fan, Shanhui and Joannopoulos, J. D.",
    title = "Analysis of guided resonances in photonic crystal slabs",
    journal = "Physical Review B",
    volume = "65",
    year = "2002"
}

@phdthesis{Darki,
    author = "Ali Akbar Darki",
    title = "Nanostructured tramplines for photonics and sensing",
    school = "Department of Physics and Astronomy - Aarhus University",
    year = "2022"
}

@article{Fano-theory,
    author = "U. Fano",
    title = "Effects of Configuration Interaction on Intensities and Phase Shifts*",
    journal = "Physical Review",
    year = "1961",
    volume = "124",
    number = "6"
}

@article{Mitra,
    author = "Mitra, T. and Singh, G. and Darki, A. A. and Madsen, S. P. and Dantan, A.",
    title = "Narrow-linewidth Fano microcavities with resonant subwavelength grating mirror",
    journal = "Optics Express",
    year = "2024",
    volume = "32",
    number = "9"
}

@article{Popov,
    author = "Popov, E. and Mashev, L. and Maystre, D.",
    title = "Theoretical Study of the Anomalies of Coated Dielectric Gratings",
    journal = "Optica Acta: International Journal of Optics",
    year = "1986",
    volume = "33",
    number = "5"
}

@article{Bykov,
    author = "Bykov, Dimitry A. and Doskolovich, Leonid L.",
    title = "Spatiotemporal coupled-mode theory of guided-mode resonant gratings",
    journal = "Optical Society of America",
    year = "2015",
    volume = "14",
    number = "3"
}

@article{Darki2,
    author = "Darki, A. A. and Parthenopoulos, A. and Nygaard, J. V. and Dantan, A.",
    title = "Profilometry and stress analysis of suspended nanostructured thin films",
    journal = "Journal of Applied Physics",
    year = "2021"
}

@article{Parthenopoulos,
    author = "Parthenopoulos, A. and Darki, A. A. and Jeppesen, B. R. and Dantan, A.",
    title = "Optical spatial differentiation with suspended subwavelength gratings",
    journal = "Optics Express",
    year = "2021",
    volume = "29",
    number = "5"
}

@article{Naesby,
    author = "Naesby, A. and Dantan, A.",
    title = "Microcavities with suspended subwavelength structured mirrors",
    journal = "Optics Express",
    year = "2018",
    volume = "26",
    number = "23"
}

@article{Ko,
    author = "Ko, Y. H. and Niraula, M. and Lee, K. J. and Magnusson, R.",
    title = "Properties of wideband resonant reflectors
under fully conical light incidence",
    journal = "Optical Society of America",
    year = "2016"
}

@online{edmund_optics,
    url="https://www.edmundoptics.com/knowledge-center/application-notes/optics/understanding-waveplates/"
}

@article{Sadov,
    author = "Sadov, S. Yu. and McGreer, K. A.",
    title = "Polarization dependence of diffraction gratings that have total internal reflection facets",
    journal = "J. Opt. Soc. Am. A",
    publisher = "Optica Publishing Group",
    year = "2000", 
    volume = "17", 
    number = "9"
}

@article{Forster,
    author = "Forster, M. and Arif, S. and Huber, C. and Bushuk, S. and Kouzmouk, A. and Tatur, H. and Batishche, S.",
    title = "213 nm and 532 nm solid state laser treatment of biogenetical fibrous materials",
    year = "2010"
}

@article{Nair,
    author = "Nair, B. and Naesby, A. and Dantan, A.",
    title = "Optomechanical characterization of silicon nitride membrane arrays",
    year = "2017",
    journal = "Optics Letter",
    volume = "42", 
    number = "7"
}

@online{MIST,
    url="https://pages.nist.gov/ScatterMIST/docs/index.htm"
}

@article{Toft-Vandborg,
    author = "Toft-Vandborg, C. and Parthenopoulos, A. and Darki, A. A. and Dantan, A.",
    title = "Collimation and finite-size effects in suspended resonant guided-mode gratings",
    year = "2021",
    journal = "Journal of the Optical Society of America",
    volume = "38", 
    number = "11"
}